@book{OsheaIVA,
author = {Cox, David and Little, John and O'Shea, Donal},
title = {Ideals, Varieties, and Algorithms: an Introduction to Computational Algebraic Geometry and Commutative Algebra},
year = {2015},
publisher = {Springer},
}
